@incollection{pharaoh,
   author = {Koehn, Philipp},
   affiliation = {Computer Science and Artificial Intelligence Laboratory Massa