@article{data-effect,
author = {Alon Halevy and Peter Norvig and Fernando Pereira},
title = {The Unr